<record><leader>00000cas a22000007a 4500</leader><controlfield tag="001">9772971</controlfield><controlfield tag="008">830803d19061959txudn ne      0   a0eng d</controlfield><datafield ind1=" " ind2=" " tag="010"><subfield code="a">sn 83008400 </subfield></datafield><datafield ind1=" " ind2=" " tag="040"><subfield code="a">NSD</subfield><subfield code="b">eng</subfield><subfield code="c">NSD</subfield><subfield code="d">PPM</subfield><subfield code="d">OCLCQ</subfield></datafield><datafield ind1=" " ind2=" " tag="012"><subfield code="m">1</subfield></datafield><datafield ind1="1" ind2=" " tag="022"><subfield code="a">0746-1208</subfield><subfield code="l">0746-1208</subfield><subfield code="2">1</subfield></datafield><datafield ind1="1" ind2=" " tag="029"><subfield code="a">AU@</subfield><subfield code="b">000025808151</subfield></datafield><datafield ind1="1" ind2=" " tag="029"><subfield code="a">NZ1</subfield><subfield code="b">16076037</subfield></datafield><datafield ind1=" " ind2=" " tag="037"><subfield code="b">The Lufkin Daily News, P.O. Box 1089, Lufkin, TX 75901</subfield></datafield><datafield ind1=" " ind2=" " tag="042"><subfield code="a">nsdp</subfield></datafield><datafield ind1=" " ind2="4" tag="222"><subfield code="a">The Lufkin daily news</subfield></datafield><datafield ind1="0" ind2="4" tag="245"><subfield code="a">The Lufkin daily news.</subfield></datafield><datafield ind1="3" ind2="0" tag="246"><subfield code="a">Lufkin news</subfield></datafield><datafield ind1=" " ind2=" " tag="260"><subfield code="a">Lufkin, Tex. :</subfield><subfield code="b">[Texas Newspapers, Inc.]</subfield></datafield><datafield ind1=" " ind2=" " tag="310"><subfield code="a">Daily (afternoon, Mon.-Fri.; morning, Sat.-Sun.; except Christmas)</subfield></datafield><datafield ind1="0" ind2=" " tag="362"><subfield code="a">-v. 53, no. 75 (Jan. 27, 1959).</subfield></datafield><datafield ind1="1" ind2=" " tag="362"><subfield code="a">Began in 1906; ceased with vol. 53, no. 75 (Jan. 27, 1959).</subfield></datafield><datafield ind1=" " ind2=" " tag="580"><subfield code="a">Also issued semiweekly.</subfield></datafield><datafield ind1=" " ind2=" " tag="588"><subfield code="a">Description based on: Vol. 7, no. 60 (July 14, 1914).</subfield></datafield><datafield ind1=" " ind2=" " tag="752"><subfield code="a">United States</subfield><subfield code="b">Texas</subfield><subfield code="c">Angelina</subfield><subfield code="d">Lufkin.</subfield></datafield><datafield ind1="1" ind2=" " tag="775"><subfield code="t">Lufkin news (Lufkin, Tex. : 1906)</subfield><subfield code="w">(OCoLC)14995341</subfield></datafield><datafield ind1="0" ind2="0" tag="785"><subfield code="t">Lufkin news</subfield><subfield code="w">(OCoLC)14554660</subfield></datafield><datafield ind1=" " ind2=" " tag="936"><subfield code="a">July 9, 1983</subfield></datafield></record>